@article{2011Single,
  title={Single Image Haze Removal Using Dark Channel Prior.},
  author={ He, Kaiming  and  Sun, Jian  and  Tang, Xiaoou },
  journal={IEEE Transactions on Pattern Analysis \& Machine Intelligence},
  year={2011},
}

@article{ipol.2012.g-ace,
    title   = {{Automatic Color Enhancement (ACE) and its Fast Implementation}},
    author  = {Getreuer, Pascal},
    journal = {{Image Processing On Line}},
    volume  = {2},
    pages   = {266--277},
    year    = {2012},
    note    = {\url{https://doi.org/10.5201/ipol.2012.g-ace}}
}

@article{张方略2013自动色彩均衡算法的速度优化,
  title={自动色彩均衡算法的速度优化},
  author={张方略 and 徐欣宇 and 胡事民},
  journal={武汉大学学报：工学版},
  volume={46},
  number={6},
  pages={6},
  year={2013},
}

@InProceedings{Berman_2016_CVPR,
author = {Berman, Dana and treibitz, Tali and Avidan, Shai},
title = {Non-Local Image Dehazing},
booktitle = {Proceedings of the IEEE Conference on Computer Vision and Pattern Recognition (CVPR)},
month = {June},
year = {2016}
}

@ARTICLE{7539399,
  author={Cai, Bolun and Xu, Xiangmin and Jia, Kui and Qing, Chunmei and Tao, Dacheng},
  journal={IEEE Transactions on Image Processing}, 
  title={DehazeNet: An End-to-End System for Single Image Haze Removal}, 
  year={2016},
  volume={25},
  number={11},
  pages={5187-5198},
  keywords={Atmospheric modeling;Scattering;Image color analysis;Computational modeling;Image restoration;Attenuation;Estimation;Dehaze;image restoration;deep CNN;BReLU},
  doi={10.1109/TIP.2016.2598681}}

@InProceedings{Shao_2020_CVPR,
author = {Shao, Yuanjie and Li, Lerenhan and Ren, Wenqi and Gao, Changxin and Sang, Nong},
title = {Domain Adaptation for Image Dehazing},
booktitle = {Proceedings of the IEEE/CVF Conference on Computer Vision and Pattern Recognition (CVPR)},
month = {June},
year = {2020}
} 

@article{2020Single,
  title={Single Image Dehazing via Multi-scale Convolutional Neural Networks with Holistic Edges},
  author={ Ren, Wenqi  and  Pan, Jinshan  and  Zhang, Hua  and  Cao, Xiaochun  and  Yang, Ming Hsuan },
  journal={International Journal of Computer Vision},
  volume={128},
  number={1},
  pages={240-259},
  year={2020},
}


@inproceedings{O-HAZE_2018,
author = { Codruta O. Ancuti and Cosmin Ancuti and Radu Timofte and Christophe De Vleeschouwer},
title = {O-HAZE: a dehazing benchmark with real hazy and haze-free outdoor images},
booktitle =  {IEEE Conference on Computer Vision and Pattern Recognition, NTIRE Workshop },
series = {NTIRE CVPR'18},
year = {2018},
location = {Salt Lake City, Utah, USA},
}

@INPROCEEDINGS{7532754,
  author={Ancuti, Cosmin and Ancuti, Codruta O. and De Vleeschouwer, Christophe},
  booktitle={2016 IEEE International Conference on Image Processing (ICIP)}, 
  title={D-HAZY: A dataset to evaluate quantitatively dehazing algorithms}, 
  year={2016},
  volume={},
  number={},
  pages={2226-2230},
  keywords={Atmospheric modeling;Mathematical model;Image color analysis;Image restoration;Computational modeling;Observers;Attenuation;dehazing;depth;quantitative evaluation},
  doi={10.1109/ICIP.2016.7532754}}

@INPROCEEDINGS{8296874,
  author={Zhang, Yanfu and Ding, Li and Sharma, Gaurav},
  booktitle={2017 IEEE International Conference on Image Processing (ICIP)}, 
  title={HazeRD: An outdoor scene dataset and benchmark for single image dehazing}, 
  year={2017},
  volume={},
  number={},
  pages={3205-3209},
  keywords={Atmospheric modeling;Image color analysis;Cameras;Benchmark testing;Scattering;Meteorology;Visualization;dehazing;dataset;benchmark;depth},
  doi={10.1109/ICIP.2017.8296874}}

@article{li2019benchmarking,
title={Benchmarking Single-Image Dehazing and Beyond},
author={Li, Boyi and Ren, Wenqi and Fu, Dengpan and Tao, Dacheng and Feng, Dan and Zeng, Wenjun and Wang, Zhangyang},
journal={IEEE Transactions on Image Processing},
volume={28},
number={1},
pages={492--505},
year={2019},
publisher={IEEE}
}
